<record><leader>00000cas a22000007a 4500</leader><controlfield tag="001">13956442</controlfield><controlfield tag="008">860726d18981902nvuwr ne      0    0eng d</controlfield><datafield ind1=" " ind2=" " tag="010"><subfield code="a">sn 86076321 </subfield></datafield><datafield ind1=" " ind2=" " tag="040"><subfield code="a">NNX</subfield><subfield code="b">eng</subfield><subfield code="c">NNX</subfield><subfield code="d">OCLCQ</subfield></datafield><datafield ind1=" " ind2=" " tag="042"><subfield code="a">msc</subfield></datafield><datafield ind1="0" ind2="0" tag="245"><subfield code="a">Gardnerville record.</subfield></datafield><datafield ind1=" " ind2=" " tag="260"><subfield code="a">Gardnerville, Nev. :</subfield><subfield code="b">G.I. Lamy,</subfield><subfield code="c">1898-1902.</subfield></datafield><datafield ind1=" " ind2=" " tag="300"><subfield code="a">4 v.</subfield></datafield><datafield ind1=" " ind2=" " tag="310"><subfield code="a">Weekly</subfield></datafield><datafield ind1="0" ind2=" " tag="362"><subfield code="a">Vol. 1, no. 1 (July 12, 1898)-v. 4, no. 52 (July 4, 1902).</subfield></datafield><datafield ind1=" " ind2=" " tag="500"><subfield code="a">Publisher: Mar. 14, 1902-July 4, 1902, S. Southworth.</subfield></datafield><datafield ind1=" " ind2=" " tag="525"><subfield code="a">Supplements accompany some issues.</subfield></datafield><datafield ind1=" " ind2=" " tag="752"><subfield code="a">United States</subfield><subfield code="b">Nevada</subfield><subfield code="c">Douglas</subfield><subfield code="d">Gardnerville.</subfield></datafield><datafield ind1="0" ind2="0" tag="785"><subfield code="t">Record (Gardnerville, Nev.)</subfield><subfield code="w">(DLC)sn 86076322</subfield></datafield></record>